 @article{abramovici1992ligo,
  title={LIGO: The laser interferometer gravitational-wave observatory},
  author={Abramovici, Alex and Althouse, William E and Drever, Ronald WP and G{\"u}rsel, Yekta and Kawamura, Seiji and Raab, Frederick J and Shoemaker, David and Sievers, Lisa and Spero, Robert E and Thorne, Kip S and others},
  journal={science},
  pages={325--333},
  year={1992},
  publisher={JSTOR}
}
